@article{Larkoski:2015yqa,
      author         = "Larkoski, Andrew J. and Maltoni, Fabio and Selvaggi,
                        Michele",
      title          = "{Tracking down hyper-boosted top quarks}",
      journal        = "JHEP",
      volume         = "06",
      year           = "2015",
      pages          = "032",
      doi            = "10.1007/JHEP06(2015)032",
      eprint         = "1503.03347",
      archivePrefix  = "arXiv",
      primaryClass   = "hep-ph",
      reportNumber   = "MIT-CTP-4651, CP3-15-06, MCNET-15-05",
      SLACcitation   = "%%CITATION = ARXIV:1503.03347;%%"
}

@article{Larkoski:2014wba,
      author         = "Larkoski, Andrew J. and Marzani, Simone and Soyez,
                        Gregory and Thaler, Jesse",
      title          = "{Soft Drop}",
      journal        = "JHEP",
      volume         = "05",
      year           = "2014",
      pages          = "146",
      doi            = "10.1007/JHEP05(2014)146",
      eprint         = "1402.2657",
      archivePrefix  = "arXiv",
      primaryClass   = "hep-ph",
      reportNumber   = "MIT-CTP-4531, DCPT-14-24, IPPP-14-12",
      SLACcitation   = "%%CITATION = ARXIV:1402.2657;%%"
}

@article{Thaler:2010tr,
      author         = "Thaler, Jesse and Van Tilburg, Ken",
      title          = "{Identifying Boosted Objects with N-subjettiness}",
      journal        = "JHEP",
      volume         = "03",
      year           = "2011",
      pages          = "015",
      doi            = "10.1007/JHEP03(2011)015",
      eprint         = "1011.2268",
      archivePrefix  = "arXiv",
      primaryClass   = "hep-ph",
      reportNumber   = "MIT-CTP-4191",
      SLACcitation   = "%%CITATION = ARXIV:1011.2268;%%"
}

@inproceedings{London:1986jz,
      author         = "London, David and Rosner, Jonathan L.",
      title          = "{Extra Gauge Bosons in E(6)}",
      booktitle      = "{Proceedings, 23RD International Conference on High
                        Energy Physics, JULY 16-23, 1986, Berkeley, CA}",
      year           = "1986",
      SLACcitation   = "%%CITATION = INSPIRE-241941;%%"
}

@article{Joglekar:2016yap,
      author         = "Joglekar, Aniket and Rosner, Jonathan L.",
      title          = "{Searching for signatures of $E_{\rm 6}$}",
      journal        = "Phys. Rev.",
      volume         = "D96",
      year           = "2017",
      number         = "1",
      pages          = "015026",
      doi            = "10.1103/PhysRevD.96.015026",
      eprint         = "1607.06900",
      archivePrefix  = "arXiv",
      primaryClass   = "hep-ph",
      reportNumber   = "EFI-16-10",
      SLACcitation   = "%%CITATION = ARXIV:1607.06900;%%"
}

@article{Langacker:2008yv,
      author         = "Langacker, Paul",
      title          = "{The Physics of Heavy $Z^\prime$ Gauge Bosons}",
      journal        = "Rev. Mod. Phys.",
      volume         = "81",
      year           = "2009",
      pages          = "1199-1228",
      doi            = "10.1103/RevModPhys.81.1199",
      eprint         = "0801.1345",
      archivePrefix  = "arXiv",
      primaryClass   = "hep-ph",
      SLACcitation   = "%%CITATION = ARXIV:0801.1345;%%"
}

@article{Salvioni:2009mt,
      author         = "Salvioni, Ennio and Villadoro, Giovanni and Zwirner,
                        Fabio",
      title          = "{Minimal Z-prime models: Present bounds and early LHC
                        reach}",
      journal        = "JHEP",
      volume         = "11",
      year           = "2009",
      pages          = "068",
      doi            = "10.1088/1126-6708/2009/11/068",
      eprint         = "0909.1320",
      archivePrefix  = "arXiv",
      primaryClass   = "hep-ph",
      reportNumber   = "CERN-PH-TH-2009-160, DFPD-09-TH-17",
      SLACcitation   = "%%CITATION = ARXIV:0909.1320;%%"
}

@article{Sjostrand:2014zea,
      author         = "Sjöstrand, Torbjörn and Ask, Stefan and Christiansen,
                        Jesper R. and Corke, Richard and Desai, Nishita and Ilten,
                        Philip and Mrenna, Stephen and Prestel, Stefan and
                        Rasmussen, Christine O. and Skands, Peter Z.",
      title          = "{An Introduction to PYTHIA 8.2}",
      journal        = "Comput. Phys. Commun.",
      volume         = "191",
      year           = "2015",
      pages          = "159-177",
      doi            = "10.1016/j.cpc.2015.01.024",
      eprint         = "1410.3012",
      archivePrefix  = "arXiv",
      primaryClass   = "hep-ph",
      reportNumber   = "LU-TP-14-36, MCNET-14-22, CERN-PH-TH-2014-190,
                        FERMILAB-PUB-14-316-CD, DESY-14-178, SLAC-PUB-16122",
      SLACcitation   = "%%CITATION = ARXIV:1410.3012;%%"
}


@article{Alwall:2014,
  author         = "J. Alwall and R. Frederix and S. Frixione and V. Hirschi and F. Maltoni and O. Mattelaer and H.-S. Shao and T. Stelzer and P. Torrielli and M. Zaro",
  title          = "{The automated computation of tree-level and next-to-leading order differential cross sections, and their matching to parton shower simulations}",
  journal        = "JHEP",
  volume         = "07",
  pages          = "079",
  doi            = "10.1007/JHEP07(2014)079",
  year           = "2014",
  eprint         = "1405.0301",
  archivePrefix  = "arXiv",
  primaryClass   = "hep-ph",
  reportNumber   = "CERN-PH-TH/2014-064, CP3-14-18, LPN14-066, MCNET-14-09, ZU-TH 14/14",
  SLACcitation   = "%%CITATION = ARXIV:1405.0301;%%"
}

@article{Harris:2011bh,
      author         = "Harris, Robert M. and Kousouris, Konstantinos",
      title          = "{Searches for Dijet Resonances at Hadron Colliders}",
      journal        = "Int. J. Mod. Phys.",
      volume         = "A26",
      year           = "2011",
      pages          = "5005-5055",
      doi            = "10.1142/S0217751X11054905",
      eprint         = "1110.5302",
      archivePrefix  = "arXiv",
      primaryClass   = "hep-ex",
      reportNumber   = "FERMILAB-PUB-11-567, CERN-OPEN-2011-044",
      SLACcitation   = "%%CITATION = ARXIV:1110.5302;%%"
}

@article{Boelaert:2009jm,
      author         = "Boelaert, Nele and Akesson, Torsten",
      title          = "{Dijet angular distributions at s**(1/2) =14-TeV}",
      journal        = "Eur. Phys. J.",
      volume         = "C66",
      year           = "2010",
      pages          = "343-357",
      doi            = "10.1140/epjc/s10052-010-1268-8",
      eprint         = "0905.3961",
      archivePrefix  = "arXiv",
      primaryClass   = "hep-ph",
      SLACcitation   = "%%CITATION = ARXIV:0905.3961;%%"
}

@article{Lee:1973iz,
      author         = "Lee, T. D.",
      title          = "{A Theory of Spontaneous T Violation}",
      journal        = "Phys. Rev.",
      volume         = "D8",
      year           = "1973",
      pages          = "1226-1239",
      doi            = "10.1103/PhysRevD.8.1226",
      note           = "[,516(1973)]",
      SLACcitation   = "%%CITATION = PHRVA,D8,1226;%%"
}

@article{Branco:2011iw,
      author         = "Branco, G. C. and Ferreira, P. M. and Lavoura, L. and
                        Rebelo, M. N. and Sher, Marc and Silva, Joao P.",
      title          = "{Theory and phenomenology of two-Higgs-doublet models}",
      journal        = "Phys. Rept.",
      volume         = "516",
      year           = "2012",
      pages          = "1-102",
      doi            = "10.1016/j.physrep.2012.02.002",
      eprint         = "1106.0034",
      archivePrefix  = "arXiv",
      primaryClass   = "hep-ph",
      SLACcitation   = "%%CITATION = ARXIV:1106.0034;%%"
}

@article{Hill:1994hp,
      author         = "Hill, Christopher T.",
      title          = "{Topcolor assisted technicolor}",
      journal        = "Phys. Lett.",
      volume         = "B345",
      year           = "1995",
      pages          = "483-489",
      doi            = "10.1016/0370-2693(94)01660-5",
      eprint         = "hep-ph/9411426",
      archivePrefix  = "arXiv",
      primaryClass   = "hep-ph",
      reportNumber   = "FERMILAB-PUB-94-395-T",
      SLACcitation   = "%%CITATION = HEP-PH/9411426;%%"
}

@article{Kaplan:1983sm,
      author         = "Kaplan, David B. and Georgi, Howard and Dimopoulos,
                        Savas",
      title          = "{Composite Higgs Scalars}",
      journal        = "Phys. Lett.",
      volume         = "136B",
      year           = "1984",
      pages          = "187-190",
      doi            = "10.1016/0370-2693(84)91178-X",
      reportNumber   = "HUTP-83/A079",
      SLACcitation   = "%%CITATION = PHLTA,136B,187;%%"
}

@article{Bellazzini:2014yua,
      author         = "Bellazzini, Brando and Csáki, Csaba and Serra, Javi",
      title          = "{Composite Higgses}",
      journal        = "Eur. Phys. J.",
      volume         = "C74",
      year           = "2014",
      number         = "5",
      pages          = "2766",
      doi            = "10.1140/epjc/s10052-014-2766-x",
      eprint         = "1401.2457",
      archivePrefix  = "arXiv",
      primaryClass   = "hep-ph",
      SLACcitation   = "%%CITATION = ARXIV:1401.2457;%%"
}

@article{Randall:1999ee,
      author         = "Randall, Lisa and Sundrum, Raman",
      title          = "{A Large mass hierarchy from a small extra dimension}",
      journal        = "Phys. Rev. Lett.",
      volume         = "83",
      year           = "1999",
      pages          = "3370-3373",
      doi            = "10.1103/PhysRevLett.83.3370",
      eprint         = "hep-ph/9905221",
      archivePrefix  = "arXiv",
      primaryClass   = "hep-ph",
      reportNumber   = "MIT-CTP-2860, PUPT-1860, BUHEP-99-9",
      SLACcitation   = "%%CITATION = HEP-PH/9905221;%%"
}

@article{Pomarol:1999ad,
      author         = "Pomarol, Alex",
      title          = "{Gauge bosons in a five-dimensional theory with localized
                        gravity}",
      journal        = "Phys. Lett.",
      volume         = "B486",
      year           = "2000",
      pages          = "153-157",
      doi            = "10.1016/S0370-2693(00)00737-1",
      eprint         = "hep-ph/9911294",
      archivePrefix  = "arXiv",
      primaryClass   = "hep-ph",
      reportNumber   = "CERN-TH-99-341",
      SLACcitation   = "%%CITATION = HEP-PH/9911294;%%"
}

@article{Baur:1987ga,
      author         = "Baur, U. and Hinchliffe, I. and Zeppenfeld, D.",
      title          = "{Excited Quark Production at Hadron Colliders}",
      booktitle      = "{Workshop: From Colliders to Super Colliders Madison,
                        Wisconsin, May 11-22, 1987}",
      journal        = "Int. J. Mod. Phys.",
      volume         = "A2",
      year           = "1987",
      pages          = "1285",
      doi            = "10.1142/S0217751X87000661",
      reportNumber   = "FERMILAB-CONF-87-102-T, MAD-PH-354, LBL-23645",
      SLACcitation   = "%%CITATION = IMPAE,A2,1285;%%"
}

@article{Baur:1989kv,
      author         = "Baur, U. and Spira, M. and Zerwas, P. M.",
      title          = "{Excited Quark and Lepton Production at Hadron
                        Colliders}",
      journal        = "Phys. Rev.",
      volume         = "D42",
      year           = "1990",
      pages          = "815-824",
      doi            = "10.1103/PhysRevD.42.815",
      reportNumber   = "MAD-PH-534, PITHA-89-26",
      SLACcitation   = "%%CITATION = PHRVA,D42,815;%%"
}

@Article{Cacciari:2008gp,
     AUTHOR    = "Cacciari, Matteo and Salam, Gavin P. and Soyez, Gregory",
     TITLE     = "The anti-$k_t$ jet clustering algorithm",
     JOURNAL   = "JHEP",
     VOLUME    = "04",
     YEAR      = "2008",
     PAGES     = "063",
     doi       = "10.1088/1126-6708/2008/04/063",
     eprint         = "0802.1189",
     archivePrefix  = "arXiv",
     primaryClass   = "hep-ex",
}

